<?xml version="1.0" encoding="UTF-8"?><record xmlns="http://www.loc.gov/MARC21/slim" xmlns:cinclude="http://apache.org/cocoon/include/1.0" xmlns:zs="http://www.loc.gov/zing/srw/">
  <leader>00427nz  a2200121n  4500</leader>
  <controlfield tag="001">n  84225181 </controlfield>
  <controlfield tag="003">DLC</controlfield>
  <controlfield tag="005">19850312171049.6</controlfield>
  <controlfield tag="008">850110n| acannaab|          |n aaa |||  </controlfield>
  <datafield tag="010" ind1=" " ind2=" ">
    <subfield code="a">n  84225181 </subfield>
  </datafield>
  <datafield tag="040" ind1=" " ind2=" ">
    <subfield code="a">DLC</subfield>
    <subfield code="c">DLC</subfield>
    <subfield code="d">DLC</subfield>
  </datafield>
  <datafield tag="100" ind1="1" ind2="0">
    <subfield code="a">Arnold, Pierre,</subfield>
    <subfield code="d">1921-</subfield>
  </datafield>
  <datafield tag="670" ind1=" " ind2=" ">
    <subfield code="a">His FederfuĚhrend, c1984:</subfield>
    <subfield code="b">t.p. (Pierre Arnold) p. 11, etc. (b. 11/22/21 in Ballaigues, Canton Waadt; until 1984 in managerial pos. at Migros-Genossenschaft-Bund)</subfield>
  </datafield>
</record>